=LDR  02256 ai a2200517 a 4500
=001  015120276
=003  Uk
=005  20200306095657.0
=006  m\\\\\\\\d\|\\\\\\
=007  cr||||||||||||
=008  090427c20089999enk\|\\ss\\\\\0\\\a0eng\\
=FMT  \\$a  SE
=040  \\$aUk$beng$cUk
=042  \\$aukblsr
=082  04$a338.542094109051$222
=245  00$aCredit crunch$h[electronic resource] :$brelated Internet sites.
=336  \\$atext$2rdacontent
=337  \\$acomputer$2rdamedia
=338  \\$aonline resource$2rdacarrier
=538  \\$aMode of access: World Wide Web.
=500  \\$aTitle from UKWAC Web Archive Collections page (viewed on Apr. 27, 2009).
=500  \\$aThese websites have been archived by the British Library as part of the UK Web Archiving Consortium and are located at http://www.webarchive.org.uk/ukwa/collection/.
=520  \\$aThis collection of websites was initiated in July 2008 to reflect how the UK has been affected by the global financial crisis. The collection includes the websites of banks, corporations, local governments, consumer and financial advisory groups as well as blogs and commentaries.
=650  \0$aFinancial crises$zGreat Britain.
=650  \0$aRecessions$zGreat Britain.
=650  \0$aCredit$zGreat Britain.
=650  \0$aBanks and banking$zGreat Britain.
=650  \0$aCorporation reports$zGreat Britain.
=650  \0$aCorporations$zGreat Britain.
=650  \0$aLocal government$zGreat Britain$xFinance.
=650  \0$aFinancial institutions$zGreat Britain.
=651  \0$aGreat Britain$xEconomic conditions$y1997-
=690  7\$aManagement and Business Studies$2blcoll
=710  2\$aUK Web Archiving Consortium.
=856  40$ahttp://www.webarchive.org.uk/ukwa/collection/22839323/page/1
=859  \\$aXLD$bUK Web Archive
=852  41$aBritish Library$bHMNTS$je-media
=CAT  \\$a8141$b40$c20090427$lBLL01$h1239
=CAT  \\$aBATCH690$c20100715$lBLL01$h2112
=CAT  \\$aBATCH-MBS$c20100716$lBLL01$h2055
=CAT  \\$aWR13.117$c20130718$lBLL01$h1851
=CAT  \\$a11279$b40$c20200306$lBLL01$h0956
=FIN  \\$aY$d20090427
=STA  \\$aSUPPRESSED$bNo longer required, new record created Jan 2020
=TCO  \\$aCLA$bCLA$c008
=LAS  \\$a11279$b40$c20200306$lBLL01$h0956

