=LDR  02107 ai a2200385 a 4500
=001  015120823
=003  Uk
=005  20200306095736.0
=006  m\\\\\\\\d\|\\\\\\
=007  cr||||||||||||
=008  090428c20059999enk\|\\ss\\\\\0\\\a0eng\\
=FMT  \\$a  SE
=040  \\$aUk$beng$cUk
=042  \\$aukblsr
=082  04$a070.57973$222
=245  00$aE-publishing trends$h[electronic resource] :$brelated Internet sites.
=336  \\$atext$2rdacontent
=337  \\$acomputer$2rdamedia
=338  \\$aonline resource$2rdacarrier
=538  \\$aMode of access: World Wide Web.
=500  \\$aTitle from UKWAC Web Archive Collections page (viewed on Apr. 28, 2009).
=500  \\$aThese websites have been archived by the British Library as part of the UK Web Archiving Consortium and are located at http://www.webarchive.org.uk/ukwa/collection/.
=520  \\$aElectronic publishing refers to the digital publication of e-books and electronic articles and the development of digital libraries and catalogues. E-publishing is a growing phenomenon which uses innovative technologies to enable individuals, scholars and communities to establish contacts, exchange data, and share knowledge. Many works, especially scientific journals and popular works of fiction are increasingly only published online. This collection of websites is intended to reflect this growing trend and includes e-books, a publisher's online addenda to a printed book, an experiment in the novel as a blog and sites about the impact of digital technologies upon writing.
=650  \0$aElectronic publishing$zGreat Britain.
=710  2\$aUK Web Archiving Consortium.
=856  40$ahttp://www.webarchive.org.uk/ukwa/collection/120192/page/1
=859  \\$aXLD$bUK Web Archive
=852  41$aBritish Library$bHMNTS$je-media
=CAT  \\$a8141$b40$c20090428$lBLL01$h0950
=CAT  \\$aWR13.117$c20130718$lBLL01$h1851
=CAT  \\$a11279$b40$c20200306$lBLL01$h0957
=FIN  \\$aY$d20090428
=STA  \\$aSUPPRESSED$bNo longer required, new record created Jan 2020
=TCO  \\$aCLA$bCLA$c008
=LAS  \\$a11279$b40$c20200306$lBLL01$h0957

