=LDR  02030 ai a2200469 a 4500
=001  015171707
=003  Uk
=005  20200306095631.0
=006  m\\\\\\\\d\|\\\\\\
=007  cr||||||||||||
=008  090429c20059999enk\|\\ss\\\\\0\\\a0eng\\
=FMT  \\$a  SE
=040  \\$aUk$beng$cUk
=042  \\$aukblsr
=082  04$a941.6$222
=245  00$aNorthern Ireland$h[electronic resource] :$brelated Internet sites.
=336  \\$atext$2rdacontent
=337  \\$acomputer$2rdamedia
=338  \\$aonline resource$2rdacarrier
=538  \\$aMode of access: World Wide Web.
=500  \\$aTitle from UKWAC Web Archive Collections page (viewed on Apr. 29, 2009).
=500  \\$aThese websites have been archived by the British Library as part of the UK Web Archiving Consortium and are located at http://www.webarchive.org.uk/ukwa/collection/.
=520  \\$aCollection of websites relating to Northern Ireland, a constituent country within the United Kingdom, lying in the northeast of the island of Ireland, intended to reflect a wide range of related issues such as economy, environment, culture, heritage and tourism.
=650  \0$aTourism$zNorthern Ireland.
=651  \0$aNorthern Ireland$xHistory.
=651  \0$aNorthern Ireland$xEconomic conditions.
=651  \0$aNorthern Ireland$xEnvironmental conditions.
=651  \0$aNorthern Ireland$xCivilization.
=651  \0$aNorthern Ireland$xPolitics and government.
=710  2\$aUK Web Archiving Consortium.
=856  40$ahttp://www.webarchive.org.uk/ukwa/collection/102247/page/1
=859  \\$aXLD$bUK Web Archive
=852  41$aBritish Library$bHMNTS$je-media
=CAT  \\$a8141$b40$c20090429$lBLL01$h0847
=CAT  \\$a8141$b40$c20090429$lBLL01$h0906
=CAT  \\$a8141$b40$c20090429$lBLL01$h0907
=CAT  \\$aWR13.117$c20130718$lBLL01$h1851
=CAT  \\$a11279$b40$c20200306$lBLL01$h0956
=FIN  \\$aY$d20090429
=STA  \\$aSUPPRESSED$bNo longer required, new record created Jan 2020
=TCO  \\$aCLA$bCLA$c008
=LAS  \\$a11279$b40$c20200306$lBLL01$h0956

